@article{10.2307/2310626,
 ISSN = {00029890, 19300972},
 URL = {http://www.jstor.org/stable/2310626},
 author = {Alston S. Householder},
 journal = {The American Mathematical Monthly},
 number = {6},
 pages = {464--466},
 publisher = {Mathematical Association of America},
 title = {Dandelin, Lobacevskii, or Graeffe},
 volume = {66},
 year = {1959}
}

@article{Malajovich2001OnTG,
  title={On the Geometry of Graeffe Iteration},
  author={Gregorio Malajovich and Jorge P. Zubelli},
  journal={J. Complex.},
  year={2001},
  volume={17},
  pages={541-573}
}

@inproceedings{Boor1995DividedD,
  title={Divided Differences},
  author={Carl de Boor},
  year={1995}
}

@article{Linnainmaa1976,
   abstract = {The article describes analytic and algorithmic methods for determining the coefficients of the Taylor expansion of an accumulated rounding error with respect to the local rounding errors, and hence determining the influence of the local errors on the accumulated error. Second and higher order coefficients are also discussed, and some possible methods of reducing the extensive storage requirements are analyzed.},
   author = {Seppo Linnainmaa},
   doi = {10.1007/BF01931367},
   issn = {1572-9125},
   issue = {2},
   journal = {BIT Numerical Mathematics 1976 16:2},
   keywords = {Computational Mathematics and Numerical Analysis,Mathematics,Numeric Computing,general},
   pages = {146-160},
   publisher = {Springer},
   title = {Taylor expansion of the accumulated rounding error},
   volume = {16},
   url = {https://link.springer.com/article/10.1007/BF01931367},
   year = {1976},
}


@article{baur1983complexity,
  title={The complexity of partial derivatives},
  author={Baur, Walter and Strassen, Volker},
  journal={Theoretical computer science},
  volume={22},
  number={3},
  pages={317--330},
  year={1983},
  publisher={Elsevier}
}

@article{erdos1950distribution,
  title={On the distribution of roots of polynomials},
  author={Erdos, Paul and Tur{\'a}n, P{\'a}l},
  journal={Annals of mathematics},
  pages={105--119},
  year={1950},
  publisher={JSTOR}
}

@article{kerimov1977applied,
  title={Applied and computational complex analysis. Vol. 1. Power series, integration, conformal mapping, location of zeros: Henrici P. xv+ 682 pp., John Wiley and Sons, Inc., New York--London, 1974. Book review},
  author={Kerimov, Movlud Kerimovich},
  journal={Zhurnal Vychislitel'noi Matematiki i Matematicheskoi Fiziki},
  volume={17},
  number={5},
  pages={1330--1331},
  year={1977},
  publisher={Russian Academy of Sciences, Branch of Mathematical Sciences}
}


@book{mignotte1999polynomials,
  title={Polynomials: An algorithmic approach},
  author={Mignotte, Maurice and Stefanescu, Doru},
  year={1999},
  publisher={Springer}
}

@book{yap2000fundamental,
  title={Fundamental problems of algorithmic algebra},
  author={Yap, Chee-Keng and others},
  volume={49},
  year={2000},
  publisher={Oxford University Press Oxford}
}

@article{carstensen1991inclusion,
  title={Inclusion of the roots of a polynomial based on Gerschgorin's theorem},
  author={Carstensen, Carsten},
  journal={Numerische Mathematik},
  volume={59},
  number={1},
  pages={349--360},
  year={1991},
  publisher={Springer}
}

@article{pan2000approximating,
  title={Approximating complex polynomial zeros: modified Weyl's quadtree construction and improved Newton's iteration},
  author={Pan, Victor Y},
  journal={journal of complexity},
  volume={16},
  number={1},
  pages={213--264},
  year={2000},
  publisher={Elsevier}
}

@article{bini2000design,
  title={Design, analysis, and implementation of a multiprecision polynomial rootfinder},
  author={Bini, Dario Andrea and Fiorentino, Giuseppe},
  journal={Numerical Algorithms},
  volume={23},
  number={2},
  pages={127--173},
  year={2000},
  publisher={Springer}
}

@article{bini2014solving,
  title={Solving secular and polynomial equations: A multiprecision algorithm},
  author={Bini, Dario A and Robol, Leonardo},
  journal={Journal of Computational and Applied Mathematics},
  volume={272},
  pages={276--292},
  year={2014},
  publisher={Elsevier}
}
