@article{10.2307/2310626,
 ISSN = {00029890, 19300972},
 URL = {http://www.jstor.org/stable/2310626},
 author = {Alston S. Householder},
 journal = {The American Mathematical Monthly},
 number = {6},
 pages = {464--466},
 publisher = {Mathematical Association of America},
 title = {Dandelin, Lobacevskii, or Graeffe},
 volume = {66},
 year = {1959}
}

@article{Malajovich2001OnTG,
  title={On the Geometry of Graeffe Iteration},
  author={Gregorio Malajovich and Jorge P. Zubelli},
  journal={J. Complex.},
  year={2001},
  volume={17},
  pages={541-573}
}

@inproceedings{Boor1995DividedD,
  title={Divided Differences},
  author={Carl de Boor},
  year={1995}
}

@article{Linnainmaa1976,
   abstract = {The article describes analytic and algorithmic methods for determining the coefficients of the Taylor expansion of an accumulated rounding error with respect to the local rounding errors, and hence determining the influence of the local errors on the accumulated error. Second and higher order coefficients are also discussed, and some possible methods of reducing the extensive storage requirements are analyzed.},
   author = {Seppo Linnainmaa},
   doi = {10.1007/BF01931367},
   issn = {1572-9125},
   issue = {2},
   journal = {BIT Numerical Mathematics 1976 16:2},
   keywords = {Computational Mathematics and Numerical Analysis,Mathematics,Numeric Computing,general},
   pages = {146-160},
   publisher = {Springer},
   title = {Taylor expansion of the accumulated rounding error},
   volume = {16},
   url = {https://link.springer.com/article/10.1007/BF01931367},
   year = {1976},
}


@article{baur1983complexity,
  title={The complexity of partial derivatives},
  author={Baur, Walter and Strassen, Volker},
  journal={Theoretical computer science},
  volume={22},
  number={3},
  pages={317--330},
  year={1983},
  publisher={Elsevier}
}

@article{erdos1950distribution,
  title={On the distribution of roots of polynomials},
  author={Erdos, Paul and Tur{\'a}n, P{\'a}l},
  journal={Annals of mathematics},
  pages={105--119},
  year={1950},
  publisher={JSTOR}
}

@article{kerimov1977applied,
  title={Applied and computational complex analysis. Vol. 1. Power series, integration, conformal mapping, location of zeros: Henrici P. xv+ 682 pp., John Wiley and Sons, Inc., New York--London, 1974. Book review},
  author={Kerimov, Movlud Kerimovich},
  journal={Zhurnal Vychislitel'noi Matematiki i Matematicheskoi Fiziki},
  volume={17},
  number={5},
  pages={1330--1331},
  year={1977},
  publisher={Russian Academy of Sciences, Branch of Mathematical Sciences}
}


@book{mignotte1999polynomials,
  title={Polynomials: An algorithmic approach},
  author={Mignotte, Maurice and Stefanescu, Doru},
  year={1999},
  publisher={Springer}
}

@book{yap2000fundamental,
  title={Fundamental problems of algorithmic algebra},
  author={Yap, Chee-Keng and others},
  volume={49},
  year={2000},
  publisher={Oxford University Press Oxford}
}

@article{carstensen1991inclusion,
  title={Inclusion of the roots of a polynomial based on Gerschgorin's theorem},
  author={Carstensen, Carsten},
  journal={Numerische Mathematik},
  volume={59},
  number={1},
  pages={349--360},
  year={1991},
  publisher={Springer}
}

@article{pan2000approximating,
  title={Approximating complex polynomial zeros: modified Weyl's quadtree construction and improved Newton's iteration},
  author={Pan, Victor Y},
  journal={journal of complexity},
  volume={16},
  number={1},
  pages={213--264},
  year={2000},
  publisher={Elsevier}
}

@article{bini2000design,
  title={Design, analysis, and implementation of a multiprecision polynomial rootfinder},
  author={Bini, Dario Andrea and Fiorentino, Giuseppe},
  journal={Numerical Algorithms},
  volume={23},
  number={2},
  pages={127--173},
  year={2000},
  publisher={Springer}
}

@article{bini2014solving,
  title={Solving secular and polynomial equations: A multiprecision algorithm},
  author={Bini, Dario A and Robol, Leonardo},
  journal={Journal of Computational and Applied Mathematics},
  volume={272},
  pages={276--292},
  year={2014},
  publisher={Elsevier}
}


@article{10.1145/321186.321198,
author = {Grau, A. A.},
title = {On the Reduction of Number Range in the Use of the Graeffe Process},
year = {1963},
issue_date = {Oct. 1963},
publisher = {Association for Computing Machinery},
address = {New York, NY, USA},
volume = {10},
number = {4},
issn = {0004-5411},
url = {https://doi-org.ezproxy.gc.cuny.edu/10.1145/321186.321198},
doi = {10.1145/321186.321198},
journal = {J. ACM},
month = {oct},
pages = {538–544},
numpages = {7}
}

@article{10.1145/364955.364974,
author = {Grau, A. A.},
title = {Algorithm 256: Modified Graeffe Method [C2]},
year = {1965},
issue_date = {June 1965},
publisher = {Association for Computing Machinery},
address = {New York, NY, USA},
volume = {8},
number = {6},
issn = {0001-0782},
url = {https://doi-org.ezproxy.gc.cuny.edu/10.1145/364955.364974},
doi = {10.1145/364955.364974},
journal = {Commun. ACM},
month = {jun},
pages = {379–380},
numpages = {2}
}


@article{Malajovich2001TangentGI,
  title={Tangent Graeffe iteration},
  author={Gregorio Malajovich and Jorge P. Zubelli},
  journal={Numerische Mathematik},
  year={2001},
  volume={89},
  pages={749-782}
}

@article{Bialas2010GeneralizationOV,
  title={Generalization of Vieta's formulae to the fractional polynomials, and generalizations the method of Graeffe-Lobachevsky},
  author={Stanislaw Bialas and Henryk G{\'o}recki},
  journal={Bulletin of The Polish Academy of Sciences-technical Sciences},
  year={2010},
  volume={58},
  pages={624-629}
}


@inproceedings{Hoeven2011EfficientRC,
  title={Efficient root counting for analytic functions on a disk},
  author={Joris van der Hoeven},
  year={2011}
}


@article{Grenet2015DeterministicRF,
  title={Deterministic root finding over finite fields using Graeffe transforms},
  author={Bruno Grenet and Joris van der Hoeven and Gr{\'e}goire Lecerf},
  journal={Applicable Algebra in Engineering, Communication and Computing},
  year={2015},
  volume={27},
  pages={237-257}
}


@article{Becker2018ANS,
  title={A near-optimal subdivision algorithm for complex root isolation based on the Pellet test and Newton iteration},
  author={Ruben Becker and Michael Sagraloff and Vikram Sharma and Chee-Keng Yap},
  journal={J. Symb. Comput.},
  year={2018},
  volume={86},
  pages={51-96}
}


@article{pan2002univariate,
  title={Univariate polynomials: nearly optimal algorithms for numerical factorization and root-finding},
  author={Pan, Victor Y},
  journal={Journal of Symbolic Computation},
  volume={33},
  number={5},
  pages={701--733},
  year={2002},
  publisher={Elsevier}
}

@article{imbach2021rootradii,
  author    = {R{\'{e}}mi Imbach and
               Victor Y. Pan},
  title     = {Root Radii and Subdivision for Polynomial Root-Finding},
  journal   = {CoRR},
  volume    = {abs/2102.10821},
  year      = {2021},
  eprinttype = {arXiv},
  eprint    = {2102.10821},
  timestamp = {Wed, 24 Feb 2021 15:42:45 +0100}
}
